@book{l_1,
	author = {{Mustermann, Max}},
	title = {Titel},
	subtitle = {Untertitel},
	address = {Berlin},
	year = {2018}
}

@article{a_1,
	author = {{Anders, Tom}},
	title = {Titel},
	journal = {Frankfurter Allgemeine Zeitung},
	date = {2018-05-30}
}

@online{q_1,
    title = {Google.com},
	url = {https://www.google.com/},
	urldate = {2018-06-02}
}